<record><leader>00000cas a22000007a 4500</leader><controlfield tag="001">23685977</controlfield><controlfield tag="008">910503c19719999mnumr ne      0    0eng d</controlfield><datafield ind1=" " ind2=" " tag="010"><subfield code="a">sn 90059693 </subfield></datafield><datafield ind1=" " ind2=" " tag="040"><subfield code="a">MN#</subfield><subfield code="b">eng</subfield><subfield code="c">MN#</subfield><subfield code="d">OCLCQ</subfield></datafield><datafield ind1=" " ind2=" " tag="042"><subfield code="a">msc</subfield></datafield><datafield ind1=" " ind2=" " tag="043"><subfield code="a">n-us-mn</subfield></datafield><datafield ind1=" " ind2=" " tag="052"><subfield code="a">4144</subfield><subfield code="b">M5:2P6</subfield></datafield><datafield ind1="0" ind2="4" tag="245"><subfield code="a">The alley.</subfield></datafield><datafield ind1=" " ind2=" " tag="260"><subfield code="a">Minneapolis :</subfield><subfield code="b">[s.n.]</subfield></datafield><datafield ind1=" " ind2=" " tag="300"><subfield code="a">v.</subfield></datafield><datafield ind1=" " ind2=" " tag="310"><subfield code="a">Monthly</subfield></datafield><datafield ind1="1" ind2=" " tag="362"><subfield code="a">Began in Aug. 1971.</subfield></datafield><datafield ind1=" " ind2=" " tag="500"><subfield code="a">"The Phillips neighborhood newspaper."</subfield></datafield><datafield ind1=" " ind2=" " tag="588"><subfield code="a">Description based on: Vol. 1, no. 8 (Aug. 1976).</subfield></datafield><datafield ind1=" " ind2="0" tag="651"><subfield code="a">Powderhorn (Minneapolis, Minn.)</subfield><subfield code="v">Newspapers.</subfield></datafield><datafield ind1="1" ind2=" " tag="029"><subfield code="a">AU@</subfield><subfield code="b">000025890432</subfield></datafield></record>